@article{Hinton2006Fast,
	note = {[Online; accessed 2023-09-30]},
	author = {Hinton, Geoffrey E. and Osindero, Simon and Teh, Yee-Whye},
	journal = {Neural Computation},
	number = {7},
	year = {2006},
	month = {7},
	pages = {1527--1554},
	publisher = {MIT Press - Journals},
	title = {A {Fast} {Learning} {Algorithm} for {Deep} {Belief} {Nets}},
	volume = {18},
}
@misc{Goodfellow2014Generative,
	author = {Goodfellow, Ian J. and Pouget-Abadie, Jean and Mirza, Mehdi and Xu, Bing and Warde-Farley, David and Ozair, Sherjil and Courville, Aaron and Bengio, Yoshua},
	year = {2014},
	month = {jun 10},
	title = {Generative {Adversarial} {Networks}},
	howpublished = {https://arxiv.org/abs/1406.2661},
}
@misc{Oord2016WaveNet,
	author = {Oord, Aaron van den and Dieleman, Sander and Zen, Heiga and Simonyan, Karen and Vinyals, Oriol and Graves, Alex and Kalchbrenner, Nal and Senior, Andrew and Kavukcuoglu, Koray},
	year = {2016},
	month = {sep 12},
	title = {WaveNet: A {Generative} {Model} for {Raw} {Audio}},
	howpublished = {https://arxiv.org/abs/1609.03499},
}
@misc{Ren2019FastSpeech,
	author = {Ren, Yi and Ruan, Yangjun and Tan, Xu and Qin, Tao and Zhao, Sheng and Zhao, Zhou and Liu, Tie-Yan},
	year = {2019},
	month = {may 22},
	title = {FastSpeech: Fast, {Robust} and {Controllable} {Text} to {Speech}},
	howpublished = {https://arxiv.org/abs/1905.09263},
}
@misc{Contributors2022Short,
	note = {[Online; accessed 2023-09-30]},
	author = {{Contributors to Wikimedia projects}},
	year = {2022},
	month = {oct 11},
	title = {Short-time {Fourier} transform},
	howpublished = {https://en.wikipedia.org/wiki/Short-time\textunderscore{}Fourier\textunderscore{}transform},
}
@book{Goodfellow2016Deep,
	note = {[Online; accessed 2023-09-30]},
	author = {Goodfellow, Ian and Bengio, Yoshua and Courville, Aaron},
	year = {2016},
	month = {nov 10},
	publisher = {MIT Press},
	title = {Deep learning},
}
@misc{Weng2018From,
	note = {[Online; accessed 2023-09-30]},
	author = {Weng, Lilian},
	year = {2018},
	month = {aug 12},
	title = {From {Autoencoder} to {Beta}-{VAE}},
	howpublished = {https://lilianweng.github.io/posts/2018-08-12-vae/},
}
@misc{Becker2018Interpreting,
	author = {Becker, S{\" o}ren and Ackermann, Marcel and Lapuschkin, Sebastian and M{\" u}ller, Klaus-Robert and Samek, Wojciech},
	year = {2018},
	month = {jul 9},
	title = {Interpreting and {Explaining} {Deep} {Neural} {Networks} for {Classification} of {Audio} {Signals}},
	howpublished = {https://arxiv.org/abs/1807.03418},
}
@inproceedings{Natsiou2021Audio,
	note = {[Online; accessed 2023-12-08]},
	author = {Natsiou, Anastasia and O'Leary, Sean},
	booktitle = {2021 {IEEE}/{ACS} 18th {International} {Conference} on {Computer} {Systems} and {Applications} ({AICCSA})},
	year = {2021},
	month = {11},
	organization = {IEEE},
	title = {Audio representations for deep learning in sound synthesis: A review},
}
@inproceedings{Devyatkin2023Data,
	note = {[Online; accessed 2023-12-08]},
	address = {Basel Switzerland},
	author = {Devyatkin, Daniil and Trenev, Ivan},
	booktitle = {INTELS\textquoteright{}22},
	year = {2023},
	month = {jun 20},
	organization = {MDPI},
	title = {Data {Generation} with {Variational} {Autoencoders} and {Generative} {Adversarial} {Networks}},
}
@misc{Donahue2018Adversarial,
	author = {Donahue, Chris and McAuley, Julian and Puckette, Miller},
	year = {2018},
	month = {feb 12},
	title = {Adversarial {Audio} {Synthesis}},
	howpublished = {https://arxiv.org/abs/1802.04208},
}

@BOOK{Foster2023-yo,
  title     = "Generative deep learning",
  author    = "Foster, David",
  publisher = "O'Reilly Media",
  edition   =  2,
  month     =  may,
  year      =  2023,
  address   = "Sebastopol, CA",
  language  = "en"
}


@article{LeNail2019,
  title = {NN-SVG: Publication-Ready Neural Network Architecture Schematics},
  volume = {4},
  ISSN = {2475-9066},
  url = {http://dx.doi.org/10.21105/joss.00747},
  DOI = {10.21105/joss.00747},
  number = {33},
  journal = {Journal of Open Source Software},
  publisher = {The Open Journal},
  author = {LeNail,  Alexander},
  year = {2019},
  month = jan,
  pages = {747}
}